<record><leader>00000cas a22000007a 4500</leader><controlfield tag="001">41643651</controlfield><controlfield tag="008">990702d19471959ncuwr ne      0    0eng d</controlfield><datafield ind1=" " ind2=" " tag="010"><subfield code="a">sn 99061530 </subfield></datafield><datafield ind1=" " ind2=" " tag="040"><subfield code="a">NVJ</subfield><subfield code="b">eng</subfield><subfield code="c">NVJ</subfield><subfield code="d">OCLCQ</subfield><subfield code="d">OCLCF</subfield><subfield code="d">OCLCO</subfield></datafield><datafield ind1=" " ind2=" " tag="042"><subfield code="a">msc</subfield></datafield><datafield ind1=" " ind2=" " tag="043"><subfield code="a">n-us-nc</subfield></datafield><datafield ind1="0" ind2=" " tag="130"><subfield code="a">Coastland times (Manteo, N.C. : 1947)</subfield></datafield><datafield ind1="1" ind2="4" tag="245"><subfield code="a">The coastland times.</subfield></datafield><datafield ind1=" " ind2=" " tag="260"><subfield code="a">Mnateo [i.e. Manteo], N.C. :</subfield><subfield code="b">Times Print. Co.</subfield></datafield><datafield ind1=" " ind2=" " tag="300"><subfield code="a">v.</subfield></datafield><datafield ind1=" " ind2=" " tag="310"><subfield code="a">Weekly</subfield></datafield><datafield ind1="1" ind2=" " tag="362"><subfield code="a">Began July 4, 1947.</subfield></datafield><datafield ind1="0" ind2=" " tag="362"><subfield code="a">-v. 24, no. 52 (June 26, 1959).</subfield></datafield><datafield ind1=" " ind2=" " tag="588"><subfield code="a">Description based on: Vol. 13, no. 45 (May 7, 1948).</subfield></datafield><datafield ind1=" " ind2="0" tag="651"><subfield code="a">Manteo (N.C.)</subfield><subfield code="v">Newspapers.</subfield></datafield><datafield ind1=" " ind2="0" tag="651"><subfield code="a">Dare County (N.C.)</subfield><subfield code="v">Newspapers.</subfield></datafield><datafield ind1=" " ind2="7" tag="655"><subfield code="a">Newspapers.</subfield><subfield code="2">fast</subfield><subfield code="0">(OCoLC)fst01423814</subfield></datafield><datafield ind1=" " ind2="7" tag="651"><subfield code="a">North Carolina</subfield><subfield code="z">Dare County.</subfield><subfield code="2">fast</subfield><subfield code="0">(OCoLC)fst01220347</subfield></datafield><datafield ind1=" " ind2="7" tag="651"><subfield code="a">North Carolina</subfield><subfield code="z">Manteo.</subfield><subfield code="2">fast</subfield><subfield code="0">(OCoLC)fst01203401</subfield></datafield><datafield ind1=" " ind2=" " tag="752"><subfield code="a">United States</subfield><subfield code="b">North Carolina</subfield><subfield code="c">Dare</subfield><subfield code="d">Manteo.</subfield></datafield><datafield ind1="0" ind2="0" tag="780"><subfield code="t">Dare County times</subfield><subfield code="w">(DLC)sn 92074036</subfield></datafield><datafield ind1="0" ind2="5" tag="780"><subfield code="t">Pilot and herald of Belhaven and Swan Quarter</subfield></datafield><datafield ind1="0" ind2="0" tag="785"><subfield code="t">Coastland times with which is combined the pilot and herald of Belhaven and Swan Quarter</subfield><subfield code="w">(DLC)sn 99061532</subfield></datafield></record>